<record><leader>00000cas a22000007a 4500</leader><controlfield tag="001">14353734</controlfield><controlfield tag="008">861007d18981902iauwr ne      0    0eng d</controlfield><datafield ind1=" " ind2=" " tag="010"><subfield code="a">sn 86060214 </subfield></datafield><datafield ind1=" " ind2=" " tag="040"><subfield code="a">INP</subfield><subfield code="b">eng</subfield><subfield code="c">INP</subfield><subfield code="d">OCLCQ</subfield></datafield><datafield ind1=" " ind2=" " tag="042"><subfield code="a">msc</subfield></datafield><datafield ind1="0" ind2=" " tag="130"><subfield code="a">Reporter (Winterset, Iowa)</subfield></datafield><datafield ind1="1" ind2="4" tag="245"><subfield code="a">The reporter.</subfield></datafield><datafield ind1="1" ind2="3" tag="246"><subfield code="a">Winterset reporter</subfield><subfield code="f">Oct. 6-Nov. 10, 1898; Jan. 5-Feb. 23, 1899</subfield></datafield><datafield ind1=" " ind2=" " tag="260"><subfield code="a">Winterset, Madison County, Iowa :</subfield><subfield code="b">Alexander &amp; Price,</subfield><subfield code="c">1898-1902.</subfield></datafield><datafield ind1=" " ind2=" " tag="300"><subfield code="a">5 v. :</subfield><subfield code="b">ill. ;</subfield><subfield code="c">54 cm.</subfield></datafield><datafield ind1=" " ind2=" " tag="310"><subfield code="a">Weekly</subfield></datafield><datafield ind1="0" ind2=" " tag="362"><subfield code="a">Vol. 13, no. 47 (Oct. 6, 1898)-v. 17, no. 52 (Dec. 25, 1902).</subfield></datafield><datafield ind1=" " ind2=" " tag="500"><subfield code="a">"Souvenir edition" commemorating the history of Winterset and Madison County published July 20, 1899; includes other occasional special issues.</subfield></datafield><datafield ind1=" " ind2=" " tag="515"><subfield code="a">Numbered within the calendar year beginning with v. 15, no. 1 (Jan. 4, 1900).</subfield></datafield><datafield ind1=" " ind2=" " tag="515"><subfield code="a">Occasional errors in numbering.</subfield></datafield><datafield ind1=" " ind2=" " tag="752"><subfield code="a">United States</subfield><subfield code="b">Iowa</subfield><subfield code="c">Madison</subfield><subfield code="d">Winterset.</subfield></datafield><datafield ind1="0" ind2="0" tag="780"><subfield code="t">Winterset reporter (Winterset, Iowa : 1895)</subfield><subfield code="w">(DLC)sn 86060213</subfield></datafield><datafield ind1="0" ind2="0" tag="785"><subfield code="t">Madison County reporter</subfield><subfield code="w">(DLC)sn 86060215</subfield></datafield></record>